% [Examples of journal references]
@article{abrahamson2005opinion,
  title={Opinion Paper: Probability and Uncerntainty in Seismic Hazard Analysis},
  author={Abrahamson, Norman A and Boomer, Julian J},
  journal={Earthquake spectra},
  volume={21},
  number={2},
  pages={1--5},
  year={2005}
}

@article{abrahamson1997empirical,
  title={Empirical response spectral attenuation relations for shallow crustal earthquakes},
  author={Abrahamson, Norman A and Silva, Walter J},
  journal={Seismological research letters},
  volume={68},
  number={1},
  pages={94--127},
  year={1997},
  publisher={Seismological Society of America}
}

% [Example of conference reference]
@conference{abrams1992strength,
  author       = {Abrams, Daniel Paul}, 
  title        = {Strength and behavior of unreinforced masonry elements},
  booktitle    = {10th World Conference on Earthquake Engineering},
  year         = 1992,
  address      = {Madrid, Spain},
}

% [Example of dissertation / individual study / thesis reference]
@individual{crowley2005investigative,
  author       = {Crowley, Helen}, 
  title        = {An investigative study on the modelling of earthquake hazard for loss assessment},
  school       = {European School for Advanced Studies in Reduction of Seismic Risk (ROSE School)},
  year         = 2005,
  address      = {University of Pavia, Italy},
}

% [Example of book reference]

@book{pinto2004seismic,
  author    = {Pinto, Paolo E and Giannini, Renato and Franchin, Paolo}, 
  title     = {Seismic reliability analysis of structure},
  publisher = {IUSS Press},
  year      = 2004,
  address   = {Pavia, Italy},
}

@book{icc:2003,
  author    = {ICC}, 
  title     = {International Building Code},
  publisher = {International Code Council},
  year      = 2003,
  address   = {USA},
}
